%YAML 1.1
%TAG !u! tag:unity3d.com,2011:
--- !u!1 &5365445625338271774
GameObject:
  m_ObjectHideFlags: 0
  m_CorrespondingSourceObject: {fileID: 0}
  m_PrefabInstance: {fileID: 0}
  m_PrefabAsset: {fileID: 0}
  serializedVersion: 6
  m_Component:
  - component: {fileID: 4701253279123128996}
  - component: {fileID: 8543873196767137025}
  - component: {fileID: 5869624276693924299}
  - component: {fileID: 5094852726186226573}
  - component: {fileID: 5094852726186226574}
  - component: {fileID: 3754282253480873736}
  m_Layer: 0
  m_Name: Escudo blender
  m_TagString: Barrera
  m_Icon: {fileID: 0}
  m_NavMeshLayer: 0
  m_StaticEditorFlags: 0
  m_IsActive: 1
--- !u!4 &4701253279123128996
Transform:
  m_ObjectHideFlags: 0
  m_CorrespondingSourceObject: {fileID: 0}
  m_PrefabInstance: {fileID: 0}
  m_PrefabAsset: {fileID: 0}
  m_GameObject: {fileID: 5365445625338271774}
  m_LocalRotation: {x: 0.000000021855692, y: 0, z: -0, w: 1}
  m_LocalPosition: {x: 0.893301, y: 1.4534976, z: 7.290985}
  m_LocalScale: {x: 182.95712, y: 109.59078, z: 109.59078}
  m_ConstrainProportionsScale: 0
  m_Children: []
  m_Father: {fileID: 0}
  m_RootOrder: 0
  m_LocalEulerAnglesHint: {x: 0, y: 0, z: 0}
--- !u!33 &8543873196767137025
MeshFilter:
  m_ObjectHideFlags: 0
  m_CorrespondingSourceObject: {fileID: 0}
  m_PrefabInstance: {fileID: 0}
  m_PrefabAsset: {fileID: 0}
  m_GameObject: {fileID: 5365445625338271774}
  m_Mesh: {fileID: -462981019419857548, guid: ec47946dfae9dbb499cb0bec2004460c, type: 3}
--- !u!23 &5869624276693924299
MeshRenderer:
  m_ObjectHideFlags: 0
  m_CorrespondingSourceObject: {fileID: 0}
  m_PrefabInstance: {fileID: 0}
  m_PrefabAsset: {fileID: 0}
  m_GameObject: {fileID: 5365445625338271774}
  m_Enabled: 1
  m_CastShadows: 1
  m_ReceiveShadows: 1
  m_DynamicOccludee: 1
  m_StaticShadowCaster: 0
  m_MotionVectors: 1
  m_LightProbeUsage: 1
  m_ReflectionProbeUsage: 1
  m_RayTracingMode: 2
  m_RayTraceProcedural: 0
  m_RenderingLayerMask: 1
  m_RendererPriority: 0
  m_Materials:
  - {fileID: -6478536213147159724, guid: ec47946dfae9dbb499cb0bec2004460c, type: 3}
  - {fileID: -3846018093981099296, guid: ec47946dfae9dbb499cb0bec2004460c, type: 3}
  m_StaticBatchInfo:
    firstSubMesh: 0
    subMeshCount: 0
  m_StaticBatchRoot: {fileID: 0}
  m_ProbeAnchor: {fileID: 0}
  m_LightProbeVolumeOverride: {fileID: 0}
  m_ScaleInLightmap: 1
  m_ReceiveGI: 1
  m_PreserveUVs: 0
  m_IgnoreNormalsForChartDetection: 0
  m_ImportantGI: 0
  m_StitchLightmapSeams: 1
  m_SelectedEditorRenderState: 3
  m_MinimumChartSize: 4
  m_AutoUVMaxDistance: 0.5
  m_AutoUVMaxAngle: 89
  m_LightmapParameters: {fileID: 0}
  m_SortingLayerID: 0
  m_SortingLayer: 0
  m_SortingOrder: 0
  m_AdditionalVertexStreams: {fileID: 0}
--- !u!65 &5094852726186226573
BoxCollider:
  m_ObjectHideFlags: 0
  m_CorrespondingSourceObject: {fileID: 0}
  m_PrefabInstance: {fileID: 0}
  m_PrefabAsset: {fileID: 0}
  m_GameObject: {fileID: 5365445625338271774}
  m_Material: {fileID: 0}
  m_IsTrigger: 1
  m_Enabled: 1
  serializedVersion: 2
  m_Size: {x: 0.008960028, y: 0.017592432, z: 0.01}
  m_Center: {x: 0.00006921379, y: 0.00009569013, z: -0.007062829}
--- !u!114 &5094852726186226574
MonoBehaviour:
  m_ObjectHideFlags: 0
  m_CorrespondingSourceObject: {fileID: 0}
  m_PrefabInstance: {fileID: 0}
  m_PrefabAsset: {fileID: 0}
  m_GameObject: {fileID: 5365445625338271774}
  m_Enabled: 1
  m_EditorHideFlags: 0
  m_Script: {fileID: 11500000, guid: e085e3aa6d0f085408ab2e1e08609a41, type: 3}
  m_Name: 
  m_EditorClassIdentifier: 
--- !u!114 &3754282253480873736
MonoBehaviour:
  m_ObjectHideFlags: 0
  m_CorrespondingSourceObject: {fileID: 0}
  m_PrefabInstance: {fileID: 0}
  m_PrefabAsset: {fileID: 0}
  m_GameObject: {fileID: 5365445625338271774}
  m_Enabled: 1
  m_EditorHideFlags: 0
  m_Script: {fileID: 11500000, guid: 64ff5143637c2c54895569910de943bf, type: 3}
  m_Name: 
  m_EditorClassIdentifier: 
  barreraPrefab: {fileID: 965855521419807312, guid: 40ed8200dc17ad945b140e2db83fc020,
    type: 3}
